<?xml version="1.0" encoding="UTF-8"?><collection xmlns="http://www.loc.gov/MARC21/slim"><record><leader>00452nam--2200145-i-4500</leader><controlfield tag="001">000001079</controlfield><controlfield tag="002">20161230</controlfield><controlfield tag="005">20161230201024</controlfield><controlfield tag="008">060222s1000------------r-----000-0-eng-d</controlfield><datafield ind1=" " ind2=" " tag="080"><subfield code="a">681.3.06:517:519</subfield></datafield><datafield ind1=" " ind2=" " tag="100"><subfield code="a">Golomb, Solomon, W</subfield></datafield><datafield ind1=" " ind2=" " tag="245"><subfield code="a">Shift register sequences. with portions co-authored by lloyd r.welch s.a</subfield></datafield><datafield ind1=" " ind2=" " tag="260"><subfield code="a">San Francisco, Holden-day, Inc., 1967. Xiv + 224 P</subfield></datafield><datafield ind1=" " ind2=" " tag="490"><subfield code="a">Holden-day Series In Information Systems</subfield></datafield><datafield ind1=" " ind2=" " tag="852"><subfield code="a">40919</subfield></datafield></record></collection>